%YAML 1.1
%TAG !u! tag:unity3d.com,2011:
--- !u!1001 &100100000
Prefab:
  m_ObjectHideFlags: 1
  serializedVersion: 2
  m_Modification:
    m_TransformParent: {fileID: 0}
    m_Modifications: []
    m_RemovedComponents: []
  m_ParentPrefab: {fileID: 0}
  m_RootGameObject: {fileID: 1291425580247670}
  m_IsPrefabParent: 1
--- !u!1 &1291425580247670
GameObject:
  m_ObjectHideFlags: 0
  m_PrefabParentObject: {fileID: 0}
  m_PrefabInternal: {fileID: 100100000}
  serializedVersion: 5
  m_Component:
  - component: {fileID: 4281737612785022}
  - component: {fileID: 212330598872786848}
  - component: {fileID: 50071607788646892}
  - component: {fileID: 58297154136585378}
  - component: {fileID: 114564501505880434}
  - component: {fileID: 114532639346706950}
  - component: {fileID: 114583133030661484}
  - component: {fileID: 114378130035713820}
  - component: {fileID: 114006184940968928}
  m_Layer: 10
  m_Name: Enemy A
  m_TagString: Untagged
  m_Icon: {fileID: 0}
  m_NavMeshLayer: 0
  m_StaticEditorFlags: 0
  m_IsActive: 1
--- !u!4 &4281737612785022
Transform:
  m_ObjectHideFlags: 1
  m_PrefabParentObject: {fileID: 0}
  m_PrefabInternal: {fileID: 100100000}
  m_GameObject: {fileID: 1291425580247670}
  m_LocalRotation: {x: 0, y: 0, z: 0, w: 1}
  m_LocalPosition: {x: 0, y: 0, z: 0}
  m_LocalScale: {x: 1, y: 1, z: 1}
  m_Children: []
  m_Father: {fileID: 0}
  m_RootOrder: 0
  m_LocalEulerAnglesHint: {x: 0, y: 0, z: 0}
--- !u!50 &50071607788646892
Rigidbody2D:
  serializedVersion: 4
  m_ObjectHideFlags: 1
  m_PrefabParentObject: {fileID: 0}
  m_PrefabInternal: {fileID: 100100000}
  m_GameObject: {fileID: 1291425580247670}
  m_BodyType: 0
  m_Simulated: 1
  m_UseFullKinematicContacts: 0
  m_UseAutoMass: 0
  m_Mass: 100
  m_LinearDrag: 0
  m_AngularDrag: 0.05
  m_GravityScale: 0
  m_Material: {fileID: 0}
  m_Interpolate: 0
  m_SleepingMode: 1
  m_CollisionDetection: 0
  m_Constraints: 0
--- !u!58 &58297154136585378
CircleCollider2D:
  m_ObjectHideFlags: 1
  m_PrefabParentObject: {fileID: 0}
  m_PrefabInternal: {fileID: 100100000}
  m_GameObject: {fileID: 1291425580247670}
  m_Enabled: 1
  m_Density: 1
  m_Material: {fileID: 6200000, guid: f09f28c73c2489e489089493bf7a39c4, type: 2}
  m_IsTrigger: 0
  m_UsedByEffector: 0
  m_UsedByComposite: 0
  m_Offset: {x: 0, y: 0}
  serializedVersion: 2
  m_Radius: 0.5625
--- !u!114 &114006184940968928
MonoBehaviour:
  m_ObjectHideFlags: 1
  m_PrefabParentObject: {fileID: 0}
  m_PrefabInternal: {fileID: 100100000}
  m_GameObject: {fileID: 1291425580247670}
  m_Enabled: 1
  m_EditorHideFlags: 0
  m_Script: {fileID: 11500000, guid: bb7049e3bcd0f68478ad0f44352cfd56, type: 3}
  m_Name: 
  m_EditorClassIdentifier: 
  animatorIfFireAnim: {fileID: 0}
  projectileRef: {fileID: 114875364554271518, guid: 52d8d25239923914785ba2d23842cb2d,
    type: 2}
  delayBtwFire: 1.9
  shootingAngle: 180
--- !u!114 &114378130035713820
MonoBehaviour:
  m_ObjectHideFlags: 1
  m_PrefabParentObject: {fileID: 0}
  m_PrefabInternal: {fileID: 100100000}
  m_GameObject: {fileID: 1291425580247670}
  m_Enabled: 1
  m_EditorHideFlags: 0
  m_Script: {fileID: 11500000, guid: c7260cd038a02db4ca38239233e14952, type: 3}
  m_Name: 
  m_EditorClassIdentifier: 
  componentsToTrigger: []
  speed: 3
  endCondition: 0
  value: 0
  healthManager: {fileID: 114583133030661484}
  componentsToTriggerOnPhase2: []
--- !u!114 &114532639346706950
MonoBehaviour:
  m_ObjectHideFlags: 1
  m_PrefabParentObject: {fileID: 0}
  m_PrefabInternal: {fileID: 100100000}
  m_GameObject: {fileID: 1291425580247670}
  m_Enabled: 1
  m_EditorHideFlags: 0
  m_Script: {fileID: 11500000, guid: 5b2dc998bfa2ea245bd66dcf621d5fc2, type: 3}
  m_Name: 
  m_EditorClassIdentifier: 
  type: 0
  damageOnContact: 10
--- !u!114 &114564501505880434
MonoBehaviour:
  m_ObjectHideFlags: 1
  m_PrefabParentObject: {fileID: 0}
  m_PrefabInternal: {fileID: 100100000}
  m_GameObject: {fileID: 1291425580247670}
  m_Enabled: 1
  m_EditorHideFlags: 0
  m_Script: {fileID: 11500000, guid: 275cfcef205b71943829da7839b0db87, type: 3}
  m_Name: 
  m_EditorClassIdentifier: 
  info: {fileID: 114532639346706950}
  healthManager: {fileID: 114583133030661484}
--- !u!114 &114583133030661484
MonoBehaviour:
  m_ObjectHideFlags: 1
  m_PrefabParentObject: {fileID: 0}
  m_PrefabInternal: {fileID: 100100000}
  m_GameObject: {fileID: 1291425580247670}
  m_Enabled: 1
  m_EditorHideFlags: 0
  m_Script: {fileID: 11500000, guid: c9f14abc725d6c04ba16736b1a0f7a2a, type: 3}
  m_Name: 
  m_EditorClassIdentifier: 
  componentsToTrigger: []
  info: {fileID: 114532639346706950}
  toInstantiateOnDeath: {fileID: 4000010821944288, guid: b56bb2df94787a846a147c47c5738e29,
    type: 2}
  hitPoints: 20
  dmgTakenOnShipHit: 50
  dmgTakenOnMapHit: 0
  doomTimer: {fileID: 0}
--- !u!212 &212330598872786848
SpriteRenderer:
  m_ObjectHideFlags: 1
  m_PrefabParentObject: {fileID: 0}
  m_PrefabInternal: {fileID: 100100000}
  m_GameObject: {fileID: 1291425580247670}
  m_Enabled: 1
  m_CastShadows: 0
  m_ReceiveShadows: 0
  m_MotionVectors: 1
  m_LightProbeUsage: 1
  m_ReflectionProbeUsage: 1
  m_Materials:
  - {fileID: 10754, guid: 0000000000000000f000000000000000, type: 0}
  m_StaticBatchInfo:
    firstSubMesh: 0
    subMeshCount: 0
  m_StaticBatchRoot: {fileID: 0}
  m_ProbeAnchor: {fileID: 0}
  m_LightProbeVolumeOverride: {fileID: 0}
  m_ScaleInLightmap: 1
  m_PreserveUVs: 0
  m_IgnoreNormalsForChartDetection: 0
  m_ImportantGI: 0
  m_SelectedEditorRenderState: 0
  m_MinimumChartSize: 4
  m_AutoUVMaxDistance: 0.5
  m_AutoUVMaxAngle: 89
  m_LightmapParameters: {fileID: 0}
  m_SortingLayerID: 0
  m_SortingLayer: 0
  m_SortingOrder: 0
  m_Sprite: {fileID: 21300086, guid: 2c9e3b80b5f80ec4f82ae018a1fb1068, type: 3}
  m_Color: {r: 1, g: 1, b: 1, a: 1}
  m_FlipX: 0
  m_FlipY: 0
  m_DrawMode: 0
  m_Size: {x: 1.125, y: 1}
  m_AdaptiveModeThreshold: 0.5
  m_SpriteTileMode: 0
  m_WasSpriteAssigned: 1
  m_MaskInteraction: 0
