%YAML 1.1
%TAG !u! tag:unity3d.com,2011:
--- !u!1001 &100100000
Prefab:
  m_ObjectHideFlags: 1
  serializedVersion: 2
  m_Modification:
    m_TransformParent: {fileID: 0}
    m_Modifications: []
    m_RemovedComponents: []
  m_ParentPrefab: {fileID: 0}
  m_RootGameObject: {fileID: 1045593120455154}
  m_IsPrefabParent: 1
--- !u!1 &1045593120455154
GameObject:
  m_ObjectHideFlags: 0
  m_PrefabParentObject: {fileID: 0}
  m_PrefabInternal: {fileID: 100100000}
  serializedVersion: 5
  m_Component:
  - component: {fileID: 4446061506135292}
  - component: {fileID: 114906620067419934}
  m_Layer: 8
  m_Name: SHMUP Test 4 Boss
  m_TagString: Untagged
  m_Icon: {fileID: 0}
  m_NavMeshLayer: 0
  m_StaticEditorFlags: 0
  m_IsActive: 1
--- !u!1 &1386555120297400
GameObject:
  m_ObjectHideFlags: 1
  m_PrefabParentObject: {fileID: 0}
  m_PrefabInternal: {fileID: 100100000}
  serializedVersion: 5
  m_Component:
  - component: {fileID: 4574457019274820}
  - component: {fileID: 33274110725497502}
  - component: {fileID: 23422216474809384}
  - component: {fileID: 114493326329529748}
  m_Layer: 8
  m_Name: SHMUP Tileset (Gradius)
  m_TagString: Untagged
  m_Icon: {fileID: 0}
  m_NavMeshLayer: 0
  m_StaticEditorFlags: 0
  m_IsActive: 1
--- !u!1 &1623183319831404
GameObject:
  m_ObjectHideFlags: 0
  m_PrefabParentObject: {fileID: 0}
  m_PrefabInternal: {fileID: 100100000}
  serializedVersion: 5
  m_Component:
  - component: {fileID: 4677812204999468}
  - component: {fileID: 114452411105187086}
  m_Layer: 8
  m_Name: Tile Layer 1
  m_TagString: Untagged
  m_Icon: {fileID: 0}
  m_NavMeshLayer: 0
  m_StaticEditorFlags: 0
  m_IsActive: 1
--- !u!1 &1903407459979088
GameObject:
  m_ObjectHideFlags: 1
  m_PrefabParentObject: {fileID: 0}
  m_PrefabInternal: {fileID: 100100000}
  serializedVersion: 5
  m_Component:
  - component: {fileID: 4285529192168780}
  - component: {fileID: 60194005950970394}
  m_Layer: 8
  m_Name: Collision
  m_TagString: Untagged
  m_Icon: {fileID: 0}
  m_NavMeshLayer: 0
  m_StaticEditorFlags: 0
  m_IsActive: 1
--- !u!4 &4285529192168780
Transform:
  m_ObjectHideFlags: 1
  m_PrefabParentObject: {fileID: 0}
  m_PrefabInternal: {fileID: 100100000}
  m_GameObject: {fileID: 1903407459979088}
  m_LocalRotation: {x: -0, y: -0, z: -0, w: 1}
  m_LocalPosition: {x: 0, y: 0, z: 0}
  m_LocalScale: {x: 1, y: 1, z: 1}
  m_Children: []
  m_Father: {fileID: 4677812204999468}
  m_RootOrder: 1
  m_LocalEulerAnglesHint: {x: 0, y: 0, z: 0}
--- !u!4 &4446061506135292
Transform:
  m_ObjectHideFlags: 1
  m_PrefabParentObject: {fileID: 0}
  m_PrefabInternal: {fileID: 100100000}
  m_GameObject: {fileID: 1045593120455154}
  m_LocalRotation: {x: 0, y: 0, z: 0, w: 1}
  m_LocalPosition: {x: 0, y: 0, z: 0}
  m_LocalScale: {x: 1, y: 1, z: 1}
  m_Children:
  - {fileID: 4677812204999468}
  m_Father: {fileID: 0}
  m_RootOrder: 0
  m_LocalEulerAnglesHint: {x: 0, y: 0, z: 0}
--- !u!4 &4574457019274820
Transform:
  m_ObjectHideFlags: 1
  m_PrefabParentObject: {fileID: 0}
  m_PrefabInternal: {fileID: 100100000}
  m_GameObject: {fileID: 1386555120297400}
  m_LocalRotation: {x: -0, y: -0, z: -0, w: 1}
  m_LocalPosition: {x: 0, y: 0, z: 0}
  m_LocalScale: {x: 1, y: 1, z: 1}
  m_Children: []
  m_Father: {fileID: 4677812204999468}
  m_RootOrder: 0
  m_LocalEulerAnglesHint: {x: 0, y: 0, z: 0}
--- !u!4 &4677812204999468
Transform:
  m_ObjectHideFlags: 1
  m_PrefabParentObject: {fileID: 0}
  m_PrefabInternal: {fileID: 100100000}
  m_GameObject: {fileID: 1623183319831404}
  m_LocalRotation: {x: -0, y: -0, z: -0, w: 1}
  m_LocalPosition: {x: 0, y: 0, z: 0}
  m_LocalScale: {x: 1, y: 1, z: 1}
  m_Children:
  - {fileID: 4574457019274820}
  - {fileID: 4285529192168780}
  m_Father: {fileID: 4446061506135292}
  m_RootOrder: 0
  m_LocalEulerAnglesHint: {x: 0, y: 0, z: 0}
--- !u!23 &23422216474809384
MeshRenderer:
  m_ObjectHideFlags: 1
  m_PrefabParentObject: {fileID: 0}
  m_PrefabInternal: {fileID: 100100000}
  m_GameObject: {fileID: 1386555120297400}
  m_Enabled: 1
  m_CastShadows: 0
  m_ReceiveShadows: 0
  m_MotionVectors: 1
  m_LightProbeUsage: 0
  m_ReflectionProbeUsage: 0
  m_Materials:
  - {fileID: 2100000, guid: 7ceb297902bb69f43878da0dc954411c, type: 2}
  m_StaticBatchInfo:
    firstSubMesh: 0
    subMeshCount: 0
  m_StaticBatchRoot: {fileID: 0}
  m_ProbeAnchor: {fileID: 0}
  m_LightProbeVolumeOverride: {fileID: 0}
  m_ScaleInLightmap: 1
  m_PreserveUVs: 0
  m_IgnoreNormalsForChartDetection: 0
  m_ImportantGI: 0
  m_SelectedEditorRenderState: 3
  m_MinimumChartSize: 4
  m_AutoUVMaxDistance: 0.5
  m_AutoUVMaxAngle: 89
  m_LightmapParameters: {fileID: 0}
  m_SortingLayerID: 0
  m_SortingLayer: 0
  m_SortingOrder: 0
--- !u!33 &33274110725497502
MeshFilter:
  m_ObjectHideFlags: 1
  m_PrefabParentObject: {fileID: 0}
  m_PrefabInternal: {fileID: 100100000}
  m_GameObject: {fileID: 1386555120297400}
  m_Mesh: {fileID: 4300000, guid: 0a3473c6ee7042a4fb60cf73efac2c3a, type: 3}
--- !u!60 &60194005950970394
PolygonCollider2D:
  m_ObjectHideFlags: 1
  m_PrefabParentObject: {fileID: 0}
  m_PrefabInternal: {fileID: 100100000}
  m_GameObject: {fileID: 1903407459979088}
  m_Enabled: 1
  m_Density: 1
  m_Material: {fileID: 0}
  m_IsTrigger: 0
  m_UsedByEffector: 0
  m_UsedByComposite: 0
  m_Offset: {x: 0, y: 0}
  m_SpriteTilingProperty:
    border: {x: 0, y: 0, z: 0, w: 0}
    pivot: {x: 0, y: 0}
    oldSize: {x: 0, y: 0}
    newSize: {x: 0, y: 0}
    adaptiveTilingThreshold: 0
    drawMode: 0
    adaptiveTiling: 0
  m_AutoTiling: 0
  m_Points:
    m_Paths:
    - - {x: 81, y: -6}
      - {x: 82, y: -5}
      - {x: 84, y: -5}
      - {x: 84, y: -6}
      - {x: 85, y: -5}
      - {x: 87, y: -5}
      - {x: 87, y: -6}
      - {x: 88, y: -5}
      - {x: 90, y: -5}
      - {x: 90, y: -6}
      - {x: 91, y: -5}
      - {x: 93, y: -5}
      - {x: 93, y: -6}
      - {x: 94, y: -5}
      - {x: 96, y: -5}
      - {x: 96, y: -6}
      - {x: 97, y: -5}
      - {x: 99, y: -5}
      - {x: 99, y: -6}
      - {x: 100, y: -5}
      - {x: 101, y: -5}
      - {x: 101, y: -4.875}
      - {x: 102, y: -4}
      - {x: 103, y: -4}
      - {x: 102, y: -3}
      - {x: 102, y: -1}
      - {x: 103, y: -1}
      - {x: 103, y: -2}
      - {x: 104, y: -1}
      - {x: 106, y: -1}
      - {x: 106, y: -2}
      - {x: 107, y: -1}
      - {x: 109, y: -1}
      - {x: 109, y: -2}
      - {x: 110, y: -1}
      - {x: 112, y: -1}
      - {x: 112, y: -2}
      - {x: 113, y: -1}
      - {x: 115, y: -1}
      - {x: 115, y: -2}
      - {x: 116, y: -1}
      - {x: 118, y: -1}
      - {x: 118, y: -2}
      - {x: 119, y: -1}
      - {x: 121, y: -1}
      - {x: 121, y: -2}
      - {x: 122, y: -1}
      - {x: 124, y: -1}
      - {x: 124, y: -2}
      - {x: 125, y: -1}
      - {x: 127, y: -1}
      - {x: 127, y: -2}
      - {x: 128, y: -1}
      - {x: 130, y: -1}
      - {x: 130, y: -2}
      - {x: 131, y: -1}
      - {x: 133, y: -1}
      - {x: 133, y: -2}
      - {x: 134, y: -1}
      - {x: 135, y: -1}
      - {x: 136, y: -2}
      - {x: 137, y: -2}
      - {x: 138, y: -3}
      - {x: 139, y: -3}
      - {x: 140, y: -4}
      - {x: 141, y: -4}
      - {x: 142, y: -5}
      - {x: 150, y: -5}
      - {x: 150, y: 0}
      - {x: 0, y: 0}
      - {x: 0, y: -9}
      - {x: 2, y: -9}
      - {x: 2, y: -10}
      - {x: 3, y: -9}
      - {x: 5, y: -9}
      - {x: 5, y: -10}
      - {x: 7, y: -8}
      - {x: 8, y: -8}
      - {x: 7, y: -7}
      - {x: 8, y: -7}
      - {x: 9, y: -6}
      - {x: 10, y: -6}
      - {x: 9, y: -5}
      - {x: 12, y: -5}
      - {x: 12, y: -6}
      - {x: 13, y: -5}
      - {x: 15, y: -5}
      - {x: 15, y: -6}
      - {x: 16, y: -5}
      - {x: 18, y: -5}
      - {x: 18, y: -6}
      - {x: 19, y: -5}
      - {x: 21, y: -5}
      - {x: 21, y: -6}
      - {x: 22, y: -5}
      - {x: 24, y: -5}
      - {x: 24, y: -6}
      - {x: 25, y: -5}
      - {x: 27, y: -5}
      - {x: 27, y: -6}
      - {x: 28, y: -5}
      - {x: 30, y: -5}
      - {x: 30, y: -6}
      - {x: 31, y: -5}
      - {x: 33, y: -5}
      - {x: 33, y: -6}
      - {x: 34, y: -5}
      - {x: 36, y: -5}
      - {x: 36, y: -6}
      - {x: 37, y: -5}
      - {x: 39, y: -5}
      - {x: 39, y: -6}
      - {x: 40, y: -5}
      - {x: 42, y: -5}
      - {x: 42, y: -6}
      - {x: 43, y: -5}
      - {x: 45, y: -5}
      - {x: 45, y: -6}
      - {x: 46, y: -5}
      - {x: 48, y: -5}
      - {x: 48, y: -6}
      - {x: 49, y: -5}
      - {x: 51, y: -5}
      - {x: 51, y: -6}
      - {x: 52, y: -5}
      - {x: 54, y: -5}
      - {x: 54, y: -6}
      - {x: 55, y: -5}
      - {x: 57, y: -5}
      - {x: 57, y: -6}
      - {x: 58, y: -5}
      - {x: 60, y: -5}
      - {x: 60, y: -6}
      - {x: 61, y: -5}
      - {x: 63, y: -5}
      - {x: 63, y: -6}
      - {x: 64, y: -5}
      - {x: 66, y: -7}
      - {x: 66, y: -8}
      - {x: 67, y: -7}
      - {x: 68, y: -8}
      - {x: 68, y: -9}
      - {x: 69, y: -8}
      - {x: 70, y: -9}
      - {x: 70, y: -10}
      - {x: 72, y: -8}
      - {x: 72, y: -9}
      - {x: 74, y: -7}
      - {x: 74, y: -8}
      - {x: 77, y: -5}
      - {x: 78, y: -5}
      - {x: 78, y: -6}
      - {x: 79, y: -5}
      - {x: 81, y: -5}
    - - {x: 100.9375, y: -1.9375}
      - {x: 100.9375, y: -0.9375}
      - {x: 101, y: -0.9375}
      - {x: 101, y: -2}
      - {x: 100, y: -2}
      - {x: 100, y: -1.9375}
    - - {x: 139.9375, y: -1.9375}
      - {x: 141, y: -1.9375}
      - {x: 141, y: -2}
      - {x: 139.9375, y: -2}
    - - {x: 98, y: -2}
      - {x: 88, y: -2}
      - {x: 88, y: -1.9375}
      - {x: 98, y: -1.9375}
    - - {x: 86, y: -2}
      - {x: 76, y: -2}
      - {x: 76, y: -1.9375}
      - {x: 86, y: -1.9375}
    - - {x: 74, y: -2}
      - {x: 64, y: -2}
      - {x: 64, y: -1.9375}
      - {x: 74, y: -1.9375}
    - - {x: 62, y: -2}
      - {x: 58, y: -2}
      - {x: 58, y: -1.9375}
      - {x: 62, y: -1.9375}
    - - {x: 138, y: -2}
      - {x: 138, y: -1.9375}
      - {x: 138.9375, y: -1.9375}
      - {x: 138.9375, y: -2}
    - - {x: 55, y: -2}
      - {x: 55, y: -1.9375}
      - {x: 56, y: -1.9375}
      - {x: 56, y: -2}
    - - {x: 144, y: -4}
      - {x: 144, y: -3.9375}
      - {x: 148, y: -3.9375}
      - {x: 148, y: -4}
    - - {x: 76, y: -4}
      - {x: 76, y: -5}
      - {x: 75.9375, y: -5}
      - {x: 75.9375, y: -4}
    - - {x: 75, y: -6}
      - {x: 74.9375, y: -6}
      - {x: 74.9375, y: -5}
      - {x: 75, y: -5}
    - - {x: 70.9375, y: -7.9375}
      - {x: 70.9375, y: -7}
      - {x: 71, y: -7}
      - {x: 71, y: -8}
      - {x: 70, y: -8}
      - {x: 70, y: -7.9375}
    - - {x: 87, y: -16}
      - {x: 87, y: -16.9375}
      - {x: 84.9375, y: -16.9375}
      - {x: 84, y: -16}
      - {x: 84, y: -16.9375}
      - {x: 84.9375, y: -16.9375}
      - {x: 85, y: -17}
      - {x: 84, y: -17}
      - {x: 84, y: -16.9375}
      - {x: 81.9375, y: -16.9375}
      - {x: 81, y: -16}
      - {x: 81, y: -16.9375}
      - {x: 78.9375, y: -16.9375}
      - {x: 78, y: -16}
      - {x: 78, y: -16.9375}
      - {x: 78.9375, y: -16.9375}
      - {x: 79, y: -17}
      - {x: 78, y: -17}
      - {x: 78, y: -16.9375}
      - {x: 76.9375, y: -16.9375}
      - {x: 74, y: -14}
      - {x: 74, y: -15}
      - {x: 72, y: -13}
      - {x: 72, y: -13.9375}
      - {x: 72.9375, y: -13.9375}
      - {x: 72.9375, y: -14}
      - {x: 72, y: -14}
      - {x: 72, y: -13.9375}
      - {x: 71.9375, y: -13.9375}
      - {x: 70, y: -12}
      - {x: 70, y: -12.9375}
      - {x: 70.9375, y: -12.9375}
      - {x: 70.9375, y: -13}
      - {x: 70, y: -13}
      - {x: 70, y: -12.9375}
      - {x: 69.9375, y: -12.9375}
      - {x: 69.9375, y: -13.0625}
      - {x: 69, y: -14}
      - {x: 68, y: -13}
      - {x: 68, y: -13.9375}
      - {x: 68.9375, y: -13.9375}
      - {x: 68.9375, y: -14}
      - {x: 68, y: -14}
      - {x: 68, y: -13.9375}
      - {x: 67.9375, y: -13.9375}
      - {x: 67.9375, y: -14.0625}
      - {x: 67, y: -15}
      - {x: 66, y: -14}
      - {x: 66, y: -15}
      - {x: 65.0625, y: -15.9375}
      - {x: 65, y: -15.9375}
      - {x: 65, y: -16}
      - {x: 64.0625, y: -16.9375}
      - {x: 64, y: -16.9375}
      - {x: 64, y: -17}
      - {x: 63, y: -16}
      - {x: 63, y: -16.9375}
      - {x: 60.9375, y: -16.9375}
      - {x: 60, y: -16}
      - {x: 60, y: -16.9375}
      - {x: 60.9375, y: -16.9375}
      - {x: 61, y: -17}
      - {x: 60, y: -17}
      - {x: 60, y: -16.9375}
      - {x: 57.9375, y: -16.9375}
      - {x: 57, y: -16}
      - {x: 57, y: -16.9375}
      - {x: 54.9375, y: -16.9375}
      - {x: 54, y: -16}
      - {x: 54, y: -16.9375}
      - {x: 54.9375, y: -16.9375}
      - {x: 55, y: -17}
      - {x: 54, y: -17}
      - {x: 54, y: -16.9375}
      - {x: 51.9375, y: -16.9375}
      - {x: 51, y: -16}
      - {x: 51, y: -16.9375}
      - {x: 48.9375, y: -16.9375}
      - {x: 48, y: -16}
      - {x: 48, y: -16.9375}
      - {x: 48.9375, y: -16.9375}
      - {x: 49, y: -17}
      - {x: 48, y: -17}
      - {x: 48, y: -16.9375}
      - {x: 45.9375, y: -16.9375}
      - {x: 45, y: -16}
      - {x: 45, y: -16.9375}
      - {x: 42.9375, y: -16.9375}
      - {x: 42, y: -16}
      - {x: 42, y: -16.9375}
      - {x: 42.9375, y: -16.9375}
      - {x: 43, y: -17}
      - {x: 42, y: -17}
      - {x: 42, y: -16.9375}
      - {x: 39.9375, y: -16.9375}
      - {x: 39, y: -16}
      - {x: 39, y: -16.9375}
      - {x: 36.9375, y: -16.9375}
      - {x: 36, y: -16}
      - {x: 36, y: -16.9375}
      - {x: 36.9375, y: -16.9375}
      - {x: 37, y: -17}
      - {x: 36, y: -17}
      - {x: 36, y: -16.9375}
      - {x: 33.9375, y: -16.9375}
      - {x: 33, y: -16}
      - {x: 33, y: -16.9375}
      - {x: 30.9375, y: -16.9375}
      - {x: 30, y: -16}
      - {x: 30, y: -16.9375}
      - {x: 30.9375, y: -16.9375}
      - {x: 31, y: -17}
      - {x: 30, y: -17}
      - {x: 30, y: -16.9375}
      - {x: 27.9375, y: -16.9375}
      - {x: 27, y: -16}
      - {x: 27, y: -16.9375}
      - {x: 24.9375, y: -16.9375}
      - {x: 24, y: -16}
      - {x: 24, y: -16.9375}
      - {x: 24.9375, y: -16.9375}
      - {x: 25, y: -17}
      - {x: 24, y: -17}
      - {x: 24, y: -16.9375}
      - {x: 21.9375, y: -16.9375}
      - {x: 21, y: -16}
      - {x: 21, y: -16.9375}
      - {x: 18.9375, y: -16.9375}
      - {x: 18, y: -16}
      - {x: 18, y: -16.9375}
      - {x: 18.9375, y: -16.9375}
      - {x: 19, y: -17}
      - {x: 18, y: -17}
      - {x: 18, y: -16.9375}
      - {x: 15.9375, y: -16.9375}
      - {x: 15, y: -16}
      - {x: 15, y: -16.9375}
      - {x: 12.9375, y: -16.9375}
      - {x: 12, y: -16}
      - {x: 12, y: -16.9375}
      - {x: 12.9375, y: -16.9375}
      - {x: 13, y: -17}
      - {x: 12, y: -17}
      - {x: 12, y: -16.9375}
      - {x: 9.0625, y: -16.9375}
      - {x: 10, y: -16}
      - {x: 9, y: -16}
      - {x: 8, y: -15}
      - {x: 7.9375, y: -15}
      - {x: 7.9375, y: -14.9375}
      - {x: 7.0625, y: -14.9375}
      - {x: 8, y: -14}
      - {x: 7, y: -14}
      - {x: 5, y: -12}
      - {x: 5, y: -12.9375}
      - {x: 5.9375, y: -12.9375}
      - {x: 5.9375, y: -13}
      - {x: 5, y: -13}
      - {x: 5, y: -12.9375}
      - {x: 2.9375, y: -12.9375}
      - {x: 2, y: -12}
      - {x: 2, y: -12.9375}
      - {x: 2.9375, y: -12.9375}
      - {x: 2.9375, y: -13}
      - {x: 2, y: -13}
      - {x: 2, y: -12.9375}
      - {x: 0, y: -12.9375}
      - {x: 0, y: -21.9375}
      - {x: 10, y: -21.9375}
      - {x: 10, y: -22}
      - {x: 12, y: -22}
      - {x: 12, y: -21.9375}
      - {x: 16, y: -21.9375}
      - {x: 16, y: -22}
      - {x: 18, y: -22}
      - {x: 18, y: -21.9375}
      - {x: 28, y: -21.9375}
      - {x: 28, y: -22}
      - {x: 30, y: -22}
      - {x: 30, y: -21.9375}
      - {x: 40, y: -21.9375}
      - {x: 40, y: -22}
      - {x: 42, y: -22}
      - {x: 42, y: -21.9375}
      - {x: 56, y: -21.9375}
      - {x: 56, y: -22}
      - {x: 58, y: -22}
      - {x: 58, y: -21.9375}
      - {x: 62, y: -21.9375}
      - {x: 62, y: -22}
      - {x: 64, y: -22}
      - {x: 64, y: -21.9375}
      - {x: 74, y: -21.9375}
      - {x: 74, y: -22}
      - {x: 76, y: -22}
      - {x: 76, y: -21.9375}
      - {x: 86, y: -21.9375}
      - {x: 86, y: -22}
      - {x: 88, y: -22}
      - {x: 88, y: -21.9375}
      - {x: 98, y: -21.9375}
      - {x: 98, y: -22}
      - {x: 100, y: -22}
      - {x: 100, y: -21.9375}
      - {x: 100.9375, y: -21.9375}
      - {x: 100.9375, y: -22}
      - {x: 150, y: -22}
      - {x: 150, y: -17}
      - {x: 149.9375, y: -17}
      - {x: 149.9375, y: -16.9375}
      - {x: 141.9375, y: -16.9375}
      - {x: 141.9375, y: -17.0625}
      - {x: 141, y: -18}
      - {x: 140.9375, y: -18}
      - {x: 140.9375, y: -17.9375}
      - {x: 139.9375, y: -17.9375}
      - {x: 139.9375, y: -18.0625}
      - {x: 139.0625, y: -18.9375}
      - {x: 139, y: -18.9375}
      - {x: 139, y: -19}
      - {x: 138.9375, y: -19}
      - {x: 138.9375, y: -18.9375}
      - {x: 137.9375, y: -18.9375}
      - {x: 137.9375, y: -19.0625}
      - {x: 137.0625, y: -19.9375}
      - {x: 137, y: -19.9375}
      - {x: 137, y: -20}
      - {x: 136.9375, y: -20}
      - {x: 136.9375, y: -19.9375}
      - {x: 135.9375, y: -19.9375}
      - {x: 135.9375, y: -20.0625}
      - {x: 135.0625, y: -20.9375}
      - {x: 133.9375, y: -20.9375}
      - {x: 133, y: -20}
      - {x: 133, y: -20.9375}
      - {x: 133.9375, y: -20.9375}
      - {x: 134, y: -21}
      - {x: 133, y: -21}
      - {x: 133, y: -20.9375}
      - {x: 130.9375, y: -20.9375}
      - {x: 130, y: -20}
      - {x: 130, y: -20.9375}
      - {x: 127.9375, y: -20.9375}
      - {x: 127, y: -20}
      - {x: 127, y: -20.9375}
      - {x: 127.9375, y: -20.9375}
      - {x: 128, y: -21}
      - {x: 127, y: -21}
      - {x: 127, y: -20.9375}
      - {x: 124.9375, y: -20.9375}
      - {x: 124, y: -20}
      - {x: 124, y: -20.9375}
      - {x: 121.9375, y: -20.9375}
      - {x: 121, y: -20}
      - {x: 121, y: -20.9375}
      - {x: 121.9375, y: -20.9375}
      - {x: 122, y: -21}
      - {x: 121, y: -21}
      - {x: 121, y: -20.9375}
      - {x: 118.9375, y: -20.9375}
      - {x: 118, y: -20}
      - {x: 118, y: -20.9375}
      - {x: 115.9375, y: -20.9375}
      - {x: 115, y: -20}
      - {x: 115, y: -20.9375}
      - {x: 115.9375, y: -20.9375}
      - {x: 116, y: -21}
      - {x: 115, y: -21}
      - {x: 115, y: -20.9375}
      - {x: 112.9375, y: -20.9375}
      - {x: 112, y: -20}
      - {x: 112, y: -20.9375}
      - {x: 109.9375, y: -20.9375}
      - {x: 109, y: -20}
      - {x: 109, y: -20.9375}
      - {x: 109.9375, y: -20.9375}
      - {x: 109.9375, y: -21}
      - {x: 109, y: -21}
      - {x: 109, y: -20.9375}
      - {x: 106.9375, y: -20.9375}
      - {x: 106, y: -20}
      - {x: 106, y: -20.9375}
      - {x: 103.9375, y: -20.9375}
      - {x: 103, y: -20}
      - {x: 103, y: -20.9375}
      - {x: 103.9375, y: -20.9375}
      - {x: 104, y: -21}
      - {x: 103, y: -21}
      - {x: 103, y: -20.9375}
      - {x: 102, y: -20.9375}
      - {x: 102, y: -19}
      - {x: 103, y: -18}
      - {x: 102, y: -18}
      - {x: 101, y: -17}
      - {x: 100.9375, y: -17}
      - {x: 100.9375, y: -16.9375}
      - {x: 99.9375, y: -16.9375}
      - {x: 99, y: -16}
      - {x: 99, y: -16.9375}
      - {x: 96.9375, y: -16.9375}
      - {x: 96, y: -16}
      - {x: 96, y: -16.9375}
      - {x: 96.9375, y: -16.9375}
      - {x: 97, y: -17}
      - {x: 96, y: -17}
      - {x: 96, y: -16.9375}
      - {x: 93.9375, y: -16.9375}
      - {x: 93, y: -16}
      - {x: 93, y: -16.9375}
      - {x: 90.9375, y: -16.9375}
      - {x: 90, y: -16}
      - {x: 90, y: -16.9375}
      - {x: 90.9375, y: -16.9375}
      - {x: 91, y: -17}
      - {x: 90, y: -17}
      - {x: 90, y: -16.9375}
      - {x: 87.9375, y: -16.9375}
    - - {x: 5.9375, y: -14}
      - {x: 5.9375, y: -13.9375}
      - {x: 6, y: -13.9375}
      - {x: 6, y: -14}
    - - {x: 93.9375, y: -17}
      - {x: 93.9375, y: -16.9375}
      - {x: 94, y: -17}
    - - {x: 81.9375, y: -17}
      - {x: 81.9375, y: -16.9375}
      - {x: 82, y: -17}
    - - {x: 87.9375, y: -17}
      - {x: 87.9375, y: -16.9375}
      - {x: 88, y: -17}
    - - {x: 51.9375, y: -17}
      - {x: 51.9375, y: -16.9375}
      - {x: 52, y: -17}
    - - {x: 57.9375, y: -17}
      - {x: 57.9375, y: -16.9375}
      - {x: 58, y: -17}
    - - {x: 45.9375, y: -17}
      - {x: 45.9375, y: -16.9375}
      - {x: 46, y: -17}
    - - {x: 33.9375, y: -17}
      - {x: 33.9375, y: -16.9375}
      - {x: 34, y: -17}
    - - {x: 21.9375, y: -17}
      - {x: 21.9375, y: -16.9375}
      - {x: 22, y: -17}
    - - {x: 27.9375, y: -17}
      - {x: 27.9375, y: -16.9375}
      - {x: 28, y: -17}
    - - {x: 15.9375, y: -17}
      - {x: 15.9375, y: -16.9375}
      - {x: 16, y: -17}
    - - {x: 9, y: -16.9375}
      - {x: 9.0625, y: -16.9375}
      - {x: 9, y: -17}
    - - {x: 4.9375, y: -17.9375}
      - {x: 4.9375, y: -17}
      - {x: 5, y: -17}
      - {x: 5, y: -17.9375}
    - - {x: 130.9375, y: -21}
      - {x: 130.9375, y: -20.9375}
      - {x: 131, y: -21}
    - - {x: 124.9375, y: -21}
      - {x: 124.9375, y: -20.9375}
      - {x: 125, y: -21}
    - - {x: 112.9375, y: -21}
      - {x: 112.9375, y: -20.9375}
      - {x: 113, y: -21}
    - - {x: 118.9375, y: -21}
      - {x: 118.9375, y: -20.9375}
      - {x: 119, y: -21}
    - - {x: 106.9375, y: -21}
      - {x: 106.9375, y: -20.9375}
      - {x: 107, y: -21}
    - - {x: 64.9375, y: -17.9375}
      - {x: 64.9375, y: -18}
      - {x: 64, y: -18}
      - {x: 64, y: -17.9375}
    - - {x: 101, y: -21}
      - {x: 100.9375, y: -21}
      - {x: 100.9375, y: -20}
      - {x: 101, y: -20}
--- !u!114 &114452411105187086
MonoBehaviour:
  m_ObjectHideFlags: 1
  m_PrefabParentObject: {fileID: 0}
  m_PrefabInternal: {fileID: 100100000}
  m_GameObject: {fileID: 1623183319831404}
  m_Enabled: 1
  m_EditorHideFlags: 0
  m_Script: {fileID: 11500000, guid: 36f478cbe2fdbeb43a1a2ec45e99ca69, type: 3}
  m_Name: 
  m_EditorClassIdentifier: 
  Offset: {x: 0, y: 0}
--- !u!114 &114493326329529748
MonoBehaviour:
  m_ObjectHideFlags: 1
  m_PrefabParentObject: {fileID: 0}
  m_PrefabInternal: {fileID: 100100000}
  m_GameObject: {fileID: 1386555120297400}
  m_Enabled: 1
  m_EditorHideFlags: 0
  m_Script: {fileID: 11500000, guid: 1874989c5e2da094ea00112c6a895694, type: 3}
  m_Name: 
  m_EditorClassIdentifier: 
--- !u!114 &114906620067419934
MonoBehaviour:
  m_ObjectHideFlags: 1
  m_PrefabParentObject: {fileID: 0}
  m_PrefabInternal: {fileID: 100100000}
  m_GameObject: {fileID: 1045593120455154}
  m_Enabled: 1
  m_EditorHideFlags: 0
  m_Script: {fileID: 11500000, guid: c0619e460a775cc458d37cb4a214a189, type: 3}
  m_Name: 
  m_EditorClassIdentifier: 
  Orientation: 0
  StaggerAxis: 1
  StaggerIndex: 0
  HexSideLength: 0
  NumLayers: 1
  NumTilesWide: 150
  NumTilesHigh: 22
  TileWidth: 16
  TileHeight: 16
  ExportScale: 0.0625
  MapWidthInPixels: 2400
  MapHeightInPixels: 352
  BackgroundColor: {r: 0.5019608, g: 0.5019608, b: 0.5019608, a: 1}
